!TRNS	TRNSID	TRNSTYPE	DATE	ACCNT	NAME	AMOUNT	DOCNUM
!SPL	SPLID	TRNSTYPE	DATE	ACCNT	NAME	AMOUNT	DOCNUM
!ENDTRNS							
TRNS	 	INVOICE	6/4/2026	A11000 - Accounts Receivable	Daijah Giles	263.63	
SPL	 	INVOICE	6/4/2026	A47600 - ARB Rental Income	Daijah Giles	-263.63	
TRNS	 	INVOICE	6/11/2026	A11000 - Accounts Receivable	Daijah Giles	263.63	
SPL	 	INVOICE	6/11/2026	A47600 - ARB Rental Income	Daijah Giles	-263.63	
TRNS	 	INVOICE	6/18/2026	A11000 - Accounts Receivable	Daijah Giles	263.63	
SPL	 	INVOICE	6/18/2026	A47600 - ARB Rental Income	Daijah Giles	-263.63	
TRNS	 	INVOICE	6/23/2026	A11000 - Accounts Receivable	Daijah Giles	35.00	
SPL	 	INVOICE	6/23/2026	A47600 - ARB Rental Income	Daijah Giles	-35.00	
TRNS	 	INVOICE	6/25/2026	A11000 - Accounts Receivable	Daijah Giles	298.63	
SPL	 	INVOICE	6/25/2026	A47600 - ARB Rental Income	Daijah Giles	-298.63	
TRNS	 	INVOICE	6/4/2026	A11000 - Accounts Receivable	Ariel Torres	301.50	
SPL	 	INVOICE	6/4/2026	A47600 - ARB Rental Income	Ariel Torres	-301.50	
TRNS	 	INVOICE	6/11/2026	A11000 - Accounts Receivable	Ariel Torres	301.50	
SPL	 	INVOICE	6/11/2026	A47600 - ARB Rental Income	Ariel Torres	-301.50	
TRNS	 	INVOICE	6/18/2026	A11000 - Accounts Receivable	Ariel Torres	301.50	
SPL	 	INVOICE	6/18/2026	A47600 - ARB Rental Income	Ariel Torres	-301.50	
TRNS	 	INVOICE	6/25/2026	A11000 - Accounts Receivable	Ariel Torres	301.50	
SPL	 	INVOICE	6/25/2026	A47600 - ARB Rental Income	Ariel Torres	-301.50	
TRNS	 	INVOICE	6/4/2026	A11000 - Accounts Receivable	Jerrell Mason	236.50	
SPL	 	INVOICE	6/4/2026	A47600 - ARB Rental Income	Jerrell Mason	-236.50	
TRNS	 	INVOICE	6/11/2026	A11000 - Accounts Receivable	Jerrell Mason	236.50	
SPL	 	INVOICE	6/11/2026	A47600 - ARB Rental Income	Jerrell Mason	-236.50	
TRNS	 	INVOICE	6/18/2026	A11000 - Accounts Receivable	Jerrell Mason	236.50	
SPL	 	INVOICE	6/18/2026	A47600 - ARB Rental Income	Jerrell Mason	-236.50	
TRNS	 	INVOICE	6/25/2026	A11000 - Accounts Receivable	Jerrell Mason	236.50	
SPL	 	INVOICE	6/25/2026	A47600 - ARB Rental Income	Jerrell Mason	-236.50	
ENDTRNS							
